<record xmlns="http://www.loc.gov/MARC21/slim" xmlns:xsi="http://www.w3.org/2001/XMLSchema-instance" xsi:schemaLocation="http://www.loc.gov/MARC21/slim http://www.loc.gov/standards/marcxml/schema/MARC21slim.xsd"><leader>00664cz   2200217n  4500</leader><controlfield tag="001">oca00447451 </controlfield><controlfield tag="005">20040218111758.0</controlfield><controlfield tag="008">800703n| acannaab           |a aaa      </controlfield><datafield ind1=" " ind2=" " tag="010"><subfield code="a">n  80065875 </subfield></datafield><datafield ind1=" " ind2=" " tag="040"><subfield code="a">DLC</subfield><subfield code="c">DLC</subfield><subfield code="d">DLC</subfield></datafield><datafield ind1="0" ind2=" " tag="100"><subfield code="a">Ammianus Marcellinus</subfield></datafield><datafield ind1="0" ind2=" " tag="400"><subfield code="a">Ammien Marcellin</subfield></datafield><datafield ind1="0" ind2=" " tag="400"><subfield code="a">Amiano Marcelino</subfield></datafield><datafield ind1="0" ind2=" " tag="400"><subfield code="a">Ammiano Marcellino</subfield></datafield><datafield ind1="1" ind2=" " tag="400"><subfield code="a">Marcellino, Ammiano</subfield></datafield><datafield ind1="1" ind2=" " tag="400"><subfield code="a">Markelinus, Amyanus</subfield></datafield><datafield ind1="0" ind2=" " tag="400"><subfield code="a">Amyanus Markelinus</subfield></datafield><datafield ind1="1" ind2=" " tag="400"><subfield code="a">Marcellin, Ammien</subfield></datafield><datafield ind1="1" ind2=" " tag="400"><subfield code="a">Marcellinus, Ammianus</subfield></datafield><datafield ind1="1" ind2=" " tag="400"><subfield code="a">Marcelin, Amijan</subfield></datafield><datafield ind1=" " ind2=" " tag="670"><subfield code="a">DusÌ&#x8c;anicÌ&#x81;, M. Geografsko-etnografski ekskursi u delu Amijana Marcelina, 1986:</subfield><subfield code="b">t.p. (Amijana Marcelina)</subfield></datafield></record>